@inproceedings{aaronson2002quantum,
  title={Quantum lower bound for the collision problem},
  author={Aaronson, Scott},
  booktitle={Proceedings of the thiry-fourth annual ACM symposium on Theory of computing},
  pages={635--642},
  year={2002},
  organization={ACM}
}

@article{aaronson2009algebrization,
  title={Algebrization: A new barrier in complexity theory},
  author={Aaronson, Scott and Wigderson, Avi},
  journal={ACM Transactions on Computation Theory (TOCT)},
  volume={1},
  number={1},
  pages={2},
  year={2009},
  publisher={ACM}
}

@inproceedings{aaronson2004limitations,
  title={Limitations of quantum advice and one-way communication},
  author={Aaronson, Scott},
  booktitle={Computational Complexity, 2004. Proceedings. 19th IEEE Annual Conference on},
  pages={320--332},
  year={2004},
  organization={IEEE}
}

@inproceedings{aaronson2006oracles,
  title={Oracles are subtle but not malicious},
  author={Aaronson, Scott},
  booktitle={21st Annual IEEE Conference on Computational Complexity (CCC'06)},
  pages={15--pp},
  year={2006},
  organization={IEEE}
}

@inproceedings{aaronson2005quantum,
  title={Quantum computing, postselection, and probabilistic polynomial-time},
  author={Aaronson, Scott},
  booktitle={Proceedings of the Royal Society of London A: Mathematical, Physical and Engineering Sciences},
  volume={461},
  number={2063},
  pages={3473--3482},
  year={2005},
  organization={The Royal Society}
}

@inproceedings{aaronson2007quantum,
  title={Quantum versus classical proofs and advice},
  author={Aaronson, Scott and Kuperberg, Greg},
  booktitle={Twenty-Second Annual IEEE Conference on Computational Complexity (CCC'07)},
  pages={115--128},
  year={2007},
  organization={IEEE}
}

@article{aaronson2009need,
  title={The need for structure in quantum speedups},
  author={Aaronson, Scott and Ambainis, Andris},
  journal={arXiv preprint arXiv:0911.0996},
  year={2009}
}

@inproceedings{aaronson2010bqp,
  title={{$BQP$} and the polynomial hierarchy},
  author={Aaronson, Scott},
  booktitle={Proceedings of the forty-second ACM symposium on Theory of computing},
  pages={141--150},
  year={2010},
  organization={ACM}
}

@misc{aaronson2010characterization,
    title={A Full Characterization of Quantum Advice},
    author={Scott Aaronson and Andrew Drucker},
    year={2010},
    eprint={1004.0377},
    archivePrefix={arXiv},
    primaryClass={quant-ph}
}

@article{aaronson2014full,
  title={A full characterization of quantum advice},
  author={Aaronson, Scott and Drucker, Andrew},
  journal={SIAM Journal on Computing},
  volume={43},
  number={3},
  pages={1131--1183},
  year={2014},
  publisher={SIAM}
}

@article{aaronson2019quantum,
  title={Quantum Lower Bounds for Approximate Counting via Laurent Polynomials},
  author={Aaronson, Scott and Kothari, Robin and Kretschmer, William and Thaler, Justin},
  journal={arXiv preprint arXiv:1904.08914},
  year={2019}
}

@misc{aaronsonZoo,
  title={Complexity {Z}oo},
  howpublished={\url{https://complexityzoo.uwaterloo.ca/Complexity_Zoo}},
  author={Aaronson, Scott},
  year={2019}
}

@inproceedings{adleman1978two,
  title={Two theorems on random polynomial time},
  author={Adleman, Leonard},
  booktitle={19th Annual Symposium on Foundations of Computer Science (sfcs 1978)},
  pages={75--83},
  year={1978},
  organization={IEEE}
}

@article{aiello1990power,
  title={On the power of interaction},
  author={Aiello, William and Goldwasser, Shafi and Hastad, Johan},
  journal={Combinatorica},
  volume={10},
  number={1},
  pages={3--25},
  year={1990},
  publisher={Springer}
}

@book{arora2009computational,
 author = {Arora, Sanjeev and Barak, Boaz},
 title = {Computational Complexity: A Modern Approach},
 year = {2009},
 isbn = {0521424267, 9780521424264},
 edition = {1st},
 publisher = {Cambridge University Press},
 address = {New York, NY, USA},
}

@article{aydinlioglu2018affine,
  author = {Aydinlio\u{g}lu, Bari\c{s} and Bach, Eric},
  title = {Affine Relativization: Unifying the Algebrization and Relativization Barriers},
  journal = {ACM Trans. Comput. Theory},
  issue_date = {January 2018},
  volume = {10},
  number = {1},
  month = jan,
  year = {2018},
  issn = {1942-3454},
  pages = {1:1--1:67},
  articleno = {1},
  numpages = {67},
  url = {http://doi.acm.org/10.1145/3170704},
  doi = {10.1145/3170704},
  acmid = {3170704},
  publisher = {ACM},
  address = {New York, NY, USA},
  keywords = {Algebrization, barriers, coding theory, interactive Proofs, relativization},
}

@inproceedings{babai1985trading,
  title={Trading group theory for randomness},
  author={Babai, L{\'a}szl{\'o}},
  booktitle={Proceedings of the seventeenth annual ACM symposium on Theory of computing},
  pages={421--429},
  year={1985},
  organization={ACM}
}

@article{babai1988arthur,
  title={Arthur-{M}erlin games: a randomized proof system, and a hierarchy of complexity classes},
  author={Babai, L{\'a}szl{\'o} and Moran, Shlomo},
  journal={Journal of Computer and System Sciences},
  volume={36},
  number={2},
  pages={254--276},
  year={1988},
  publisher={Academic Press}
}

@article{baker1975relativizations,
  title={Relativizations of the {$P=?NP$} question},
  author={Baker, Theodore and Gill, John and Solovay, Robert},
  journal={SIAM Journal on computing},
  volume={4},
  number={4},
  pages={431--442},
  year={1975},
  publisher={SIAM}
}

@article{babai1991non,
  title={Non-deterministic exponential time has two-prover interactive protocols},
  author={Babai, L{\'a}szl{\'o} and Fortnow, Lance and Lund, Carsten},
  journal={Computational complexity},
  volume={1},
  number={1},
  pages={3--40},
  year={1991},
  publisher={Springer}
}

@inproceedings{beigel1989relativized,
  title={On the relativized power of additional accepting paths},
  author={Beigel, Richard},
  booktitle={[1989] Proceedings. Structure in Complexity Theory Fourth Annual Conference},
  pages={216--224},
  year={1989},
  organization={IEEE}
}

@inproceedings{Beigel:1998:NME:276698.276737,
 author = {Beigel, Richard and Buhrman, Harry and Fortnow, Lance},
 title = {{NP} Might Not Be As Easy As Detecting Unique Solutions},
 booktitle = {Proceedings of the Thirtieth Annual ACM Symposium on Theory of Computing},
 series = {STOC '98},
 year = {1998},
 isbn = {0-89791-962-9},
 location = {Dallas, Texas, USA},
 pages = {203--208},
 numpages = {6},
 url = {http://doi.acm.org/10.1145/276698.276737},
 doi = {10.1145/276698.276737},
 acmid = {276737},
 publisher = {ACM},
 address = {New York, NY, USA},
} 

@article{bennett1981relative,
  title={Relative to a Random Oracle {$A$, $P^A\neq NP^A\neq \text{co}-NP^A$} with Probability 1},
  author={Bennett, Charles H and Gill, John},
  journal={SIAM Journal on Computing},
  volume={10},
  number={1},
  pages={96--113},
  year={1981},
  publisher={SIAM}
}

@article{beigel1994perceptrons,
  title={Perceptrons, {$PP$}, and the polynomial hierarchy},
  author={Beigel, Richard},
  journal={Computational complexity},
  volume={4},
  number={4},
  pages={339--349},
  year={1994},
  publisher={Springer}
}

@article{bennett1997strengths,
  title={Strengths and weaknesses of quantum computing},
  author={Bennett, Charles H and Bernstein, Ethan and Brassard, Gilles and Vazirani, Umesh},
  journal={SIAM journal on Computing},
  volume={26},
  number={5},
  pages={1510--1523},
  year={1997},
  publisher={SIAM}
}

@inproceedings{bohler2003error,
  title={Error-bounded probabilistic computations between MA and AM},
  author={B{\"o}hler, Elmar and Gla{\ss}er, Christian and Meister, Daniel},
  booktitle={International Symposium on Mathematical Foundations of Computer Science},
  pages={249--258},
  year={2003},
  organization={Springer}
}

@inproceedings{bouland2017power,
  title={On the power of statistical zero knowledge},
  author={Bouland, Adam and Chen, Lijie and Holden, Dhiraj and Thaler, Justin and Vasudevan, Prashant Nalini},
  booktitle={2017 IEEE 58th Annual Symposium on Foundations of Computer Science (FOCS)},
  pages={708--719},
  year={2017},
  organization={IEEE}
}

@inproceedings{buhrman1998nonrelativizing,
  title={Nonrelativizing separations},
  author={Buhrman, Harry and Fortnow, Lance and Thierauf, Thomas},
  booktitle={Proceedings. Thirteenth Annual IEEE Conference on Computational Complexity (Formerly: Structure in Complexity Theory Conference)(Cat. No. 98CB36247)},
  pages={8--12},
  year={1998},
  organization={IEEE}
}

@article{buhrman2000randomness,
  title={Randomness is hard},
  author={Buhrman, Harry and Torenvliet, Leen},
  journal={SIAM Journal on Computing},
  volume={30},
  number={5},
  pages={1485--1501},
  year={2000},
  publisher={SIAM}
}

@inproceedings{Cai:1986:POR:12130.12133,
 author = {Cai, J Y},
 title = {With Probability One, a Random Oracle Separates {$PSPACE$} from the Polynomial-time Hierarchy},
 booktitle = {Proceedings of the Eighteenth Annual ACM Symposium on Theory of Computing},
 series = {STOC '86},
 year = {1986},
 isbn = {0-89791-193-8},
 location = {Berkeley, California, USA},
 pages = {21--29},
 numpages = {9},
 url = {http://doi.acm.org/10.1145/12130.12133},
 doi = {10.1145/12130.12133},
 acmid = {12133},
 publisher = {ACM},
 address = {New York, NY, USA},
}

@article{chandra1981alternation,
    AUTHOR = {Chandra, Ashok K. and Kozen, Dexter C. and Stockmeyer, Larry
              J.},
     TITLE = {Alternation},
   JOURNAL = {J. Assoc. Comput. Mach.},
  FJOURNAL = {Journal of the Association for Computing Machinery},
    VOLUME = {28},
      YEAR = {1981},
    NUMBER = {1},
     PAGES = {114--133},
      ISSN = {0004-5411},
   MRCLASS = {68C25 (03D10 68D99 68F99)},
  MRNUMBER = {603186},
MRREVIEWER = {I. Hal Sudborough},
       DOI = {10.1145/322234.322243},
       URL = {https://doi.org/10.1145/322234.322243},
}

@article{chang1994random,
  title={The random oracle hypothesis is false},
  author={Chang, Richard and Chor, Benny and Goldreich, Oded and Hartmanis, Juris and H{\aa}stad, Johan and Ranjan, Desh and Rohatgi, Pankaj},
  journal={Journal of Computer and System Sciences},
  volume={49},
  number={1},
  pages={24--39},
  year={1994},
  publisher={Elsevier}
}

@misc{chen2016note,
    title={A Note on Oracle Separations for BQP},
    author={Lijie Chen},
    year={2016},
    eprint={1605.00619},
    archivePrefix={arXiv},
    primaryClass={quant-ph}
}

@inproceedings{childs2003exponential,
  title={Exponential algorithmic speedup by a quantum walk},
  author={Childs, Andrew M and Cleve, Richard and Deotto, Enrico and Farhi, Edward and Gutmann, Sam and Spielman, Daniel A},
  booktitle={Proceedings of the thirty-fifth annual ACM symposium on Theory of computing},
  pages={59--68},
  year={2003},
  organization={ACM}
}

@inproceedings{feige1997making,
  title={Making games short},
  author={Feige, Uriel and Kilian, Joe},
  booktitle={STOC},
  volume={97},
  pages={506--516},
  year={1997}
}

@article{fenner1994gap,
  title={Gap-definable counting classes},
  author={Fenner, Stephen A and Fortnow, Lance J and Kurtz, Stuart A},
  journal={Journal of Computer and System Sciences},
  volume={48},
  number={1},
  pages={116--148},
  year={1994},
  publisher={Elsevier}
}

@article{fenner2003oracle,
  title={An oracle builder's toolkit},
  author={Fenner, Stephen and Fortnow, Lance and Kurtz, Stuart A and Li, Lide},
  journal={Information and Computation},
  volume={182},
  number={2},
  pages={95--136},
  year={2003},
  publisher={Elsevier}
}

@inproceedings{fortnow1998complexity,
  title={Complexity limitations on quantum computation},
  author={Fortnow, Lance and Rogers, John},
  booktitle={Computational Complexity, 1998. Proceedings. Thirteenth Annual IEEE Conference on},
  pages={202--209},
  year={1998},
  organization={IEEE}
}

@article{fortnow1999relativized,
  title={Relativized worlds with an infinite hierarchy},
  author={Fortnow, Lance},
  journal={Information Processing Letters},
  volume={69},
  number={6},
  pages={309--313},
  year={1999},
  publisher={Elsevier}
}

@misc{fortnow2002,
  title={Complexity Class of the Week: {$SPP$}, Part {I}}, 
  author={Fortnow, Lance},
  howpublished={Computational Complexity, \url{https://blog.computationalcomplexity.org/2002/10/}}, 
  year={2002}, 
  month={Oct}
}

@article{fortnow2008complexity,
  title={On the complexity of succinct zero-sum games},
  author={Fortnow, Lance and Impagliazzo, Russell and Kabanets, Valentine and Umans, Christopher},
  journal={Computational Complexity},
  volume={17},
  number={3},
  pages={353--376},
  year={2008},
  publisher={Springer}
}

@misc{fortnow2018zero,
  title={The zero-one law for random oracles}, 
  author={Fortnow, Lance},
  howpublished={Computational Complexity, \url{https://https://blog.computationalcomplexity.org/2018/08/the-zero-one-law-for-random-oracles.html}}, 
  year={2018}, 
  month={Aug}
}

@article{green1995power,
  title={The power of the middle bit of a {$\#P$} function},
  author={Green, Frederic and Kobler, Johannes and Regan, Kenneth W and Schwentick, Thomas and Tor{\'a}n, Jacobo},
  journal={Journal of Computer and System Sciences},
  volume={50},
  number={3},
  pages={456--467},
  year={1995},
  publisher={Elsevier}
}

@inproceedings{gutoski2007toward,
  title={Toward a general theory of quantum games},
  author={Gutoski, Gus and Watrous, John},
  booktitle={Proceedings of the thirty-ninth annual ACM symposium on Theory of computing},
  pages={565--574},
  year={2007},
  organization={ACM}
}

@article{han1997threshold,
  title={Threshold computation and cryptographic security},
  author={Han, Yenjo and Hemaspaandra, Lane A and Thierauf, Thomas},
  journal={SIAM Journal on Computing},
  volume={26},
  number={1},
  pages={59--78},
  year={1997},
  publisher={SIAM}
}

@Article{Heller1984,
author="Heller, Hans",
title="Relativized polynomial hierarchies extending two levels",
journal="Mathematical systems theory",
year="1984",
month="Dec",
day="01",
volume="17",
number="1",
pages="71--84",
issn="1433-0490",
doi="10.1007/BF01744434",
url="https://doi.org/10.1007/BF01744434"
}

@inproceedings{ito2012multi,
  title={A multi-prover interactive proof for {$NEXP$} sound against entangled provers},
  author={Ito, Tsuyoshi and Vidick, Thomas},
  booktitle={2012 IEEE 53rd Annual Symposium on Foundations of Computer Science},
  pages={243--252},
  year={2012},
  organization={IEEE}
}

@article{jain2010qip,
  title={{$QIP=PSPACE$}},
  author={Jain, Rahul and Ji, Zhengfeng and Upadhyay, Sarvagya and Watrous, John},
  journal={Communications of the ACM},
  volume={53},
  number={12},
  pages={102--109},
  year={2010},
  publisher={ACM}
}

@article{kitaev1997quantum,
  title={Quantum computations: algorithms and error correction},
  author={Kitaev, Aleksei Yur'evich},
  journal={Uspekhi Matematicheskikh Nauk},
  volume={52},
  number={6},
  pages={53--112},
  year={1997},
  publisher={Russian Academy of Sciences, Steklov Mathematical Institute of Russian~…}
}

@article{kuperberg2009hard,
  title={How hard is it to approximate the {J}ones polynomial?},
  author={Kuperberg, Greg},
  journal={arXiv preprint arXiv:0908.0512},
  year={2009}
}

@article{ladner1989polynomial,
  title={Polynomial space counting problems},
  author={Ladner, Richard E},
  journal={SIAM Journal on Computing},
  volume={18},
  number={6},
  pages={1087--1097},
  year={1989},
  publisher={SIAM}
}

@article{lautemann1983bpp,
  title={{$BPP$} and the polynomial hierarchy},
  author={Lautemann, Clemens},
  journal={Information Processing Letters},
  volume={17},
  number={4},
  pages={215--217},
  year={1983},
  publisher={Elsevier}
}

@inproceedings{lovett2017impossibility,
  title={On the impossibility of entropy reversal, and its application to zero-knowledge proofs},
  author={Lovett, Shachar and Zhang, Jiapeng},
  booktitle={Theory of Cryptography Conference},
  pages={31--55},
  year={2017},
  organization={Springer}
}

@article{marriott2005quantum,
  title={Quantum Arthur-Merlin games},
  author={Marriott, Chris and Watrous, John},
  journal={Computational Complexity},
  volume={14},
  number={2},
  pages={122--152},
  year={2005},
  publisher={Springer}
}

@article{okamoto2000relationships,
  title={On relationships between statistical zero-knowledge proofs},
  author={Okamoto, Tatsuaki},
  journal={Journal of Computer and System Sciences},
  volume={60},
  number={1},
  pages={47--108},
  year={2000},
  publisher={Elsevier}
}

@article{papadimitriou1985games,
  title={Games against nature},
  author={Papadimitriou, Christos H},
  journal={Journal of Computer and System Sciences},
  volume={31},
  number={2},
  pages={288--301},
  year={1985},
  publisher={Elsevier}
}

@article{Raz87b,
    author = "A. A. Razborov",
    title = "Lower bounds on the dimension of schemes of bounded depth in a
        complete basis containing the logical addition function",
    journal = "Mat. Zametki",
    volume = 41,
    year = 1987,
    number = 4,
    pages = "598--607, 623"}


@article{raz2018oracle,
  title={Oracle Separation of {$BQP$} and {$PH$}},
  author={Raz, Ran and Tal, Avishay},
  journal={Electronic Colloquium on Computational Complexity, Report No. 107},
  year={2018}
}

@inproceedings{rossman2015average,
  title={An average-case depth hierarchy theorem for boolean circuits},
  author={Rossman, Benjamin and Servedio, Rocco A and Tan, Li-Yang},
  booktitle={Foundations of Computer Science (FOCS), 2015 IEEE 56th Annual Symposium on},
  pages={1030--1048},
  year={2015},
  organization={IEEE}
}

@article{russell1998symmetric,
  title={Symmetric alternation captures {$BPP$}},
  author={Russell, Alexander and Sundaram, Ravi},
  journal={Computational Complexity},
  volume={7},
  number={2},
  pages={152--162},
  year={1998},
  publisher={Springer}
}

@article{sahai2003complete,
  title={A complete problem for statistical zero knowledge},
  author={Sahai, Amit and Vadhan, Salil},
  journal={Journal of the ACM (JACM)},
  volume={50},
  number={2},
  pages={196--249},
  year={2003},
  publisher={ACM}
}

@article{savitch1970relationships,
  title={Relationships between nondeterministic and deterministic tape complexities},
  author={Savitch, Walter J},
  journal={Journal of computer and system sciences},
  volume={4},
  number={2},
  pages={177--192},
  year={1970},
  publisher={Elsevier}
}

@article{shamir1992ip,
  title={{$IP=PSPACE$}},
  author={Shamir, Adi},
  journal={Journal of the ACM (JACM)},
  volume={39},
  number={4},
  pages={869--877},
  year={1992},
  publisher={ACM}
}

@article{toda1991pp,
  title={{PP} is as hard as the polynomial-time hierarchy},
  author={Toda, Seinosuke},
  journal={SIAM Journal on Computing},
  volume={20},
  number={5},
  pages={865--877},
  year={1991},
  publisher={SIAM}
}

@article{turing1937computable,
  title={On computable numbers, with an application to the Entscheidungsproblem},
  author={Turing, Alan Mathison},
  journal={Proceedings of the London mathematical society},
  volume={2},
  number={1},
  pages={230--265},
  year={1937},
  publisher={Wiley Online Library}
}

@inproceedings{vereschchagin1992power,
  title={On the power of {$PP$}},
  author={Vereschchagin, NK},
  booktitle={1992 Seventh Annual Structure in Complexity Theory Conference},
  pages={138--143},
  year={1992},
  organization={IEEE}
}

@inproceedings{vyalyi2003qma,
  title={{$QMA=PP$} implies that {$PP$} contains {$PH$}},
  author={Vyalyi, Mikhail},
  booktitle={ECCCTR: Electronic Colloquium on Computational Complexity, technical reports},
  year={2003},
  organization={Citeseer}
}

@inproceedings{watrous2000succinct,
  title={Succinct quantum proofs for properties of finite groups},
  author={Watrous, John},
  booktitle={Foundations of Computer Science, 2000. Proceedings. 41st Annual Symposium on},
  pages={537--546},
  year={2000},
  organization={IEEE}
}

@article{watrous2003complexity,
  title={On the complexity of simulating space-bounded quantum computations},
  author={Watrous, John},
  journal={Computational Complexity},
  volume={12},
  number={1-2},
  pages={48--84},
  year={2003},
  publisher={Springer}
}

@article{watrous2009quantum,
  title={Quantum computational complexity},
  author={Watrous, John},
  journal={Encyclopedia of complexity and systems science},
  pages={7174--7201},
  year={2009},
  publisher={Springer}
}

@inproceedings{zachos2003combinatory,
  title={Combinatory complexity: Operators on complexity classes},
  author={Zachos, Stathis and Pagourtzis, Aris},
  booktitle={Proc. Panhellenic Logic Symposium},
  year={2003}
}
