@article{aaronson2009algebrization,
  title={Algebrization: A new barrier in complexity theory},
  author={Aaronson, Scott and Wigderson, Avi},
  journal={ACM Transactions on Computation Theory (TOCT)},
  volume={1},
  number={1},
  pages={2},
  year={2009},
  publisher={ACM}
}

@inproceedings{aaronson2004limitations,
  title={Limitations of quantum advice and one-way communication},
  author={Aaronson, Scott},
  booktitle={Computational Complexity, 2004. Proceedings. 19th IEEE Annual Conference on},
  pages={320--332},
  year={2004},
  organization={IEEE}
}

@inproceedings{aaronson2006oracles,
  title={Oracles are subtle but not malicious},
  author={Aaronson, Scott},
  booktitle={21st Annual IEEE Conference on Computational Complexity (CCC'06)},
  pages={15--pp},
  year={2006},
  organization={IEEE}
}

@inproceedings{aaronson2005quantum,
  title={Quantum computing, postselection, and probabilistic polynomial-time},
  author={Aaronson, Scott},
  booktitle={Proceedings of the Royal Society of London A: Mathematical, Physical and Engineering Sciences},
  volume={461},
  number={2063},
  pages={3473--3482},
  year={2005},
  organization={The Royal Society}
}

@inproceedings{aaronson2007quantum,
  title={Quantum versus classical proofs and advice},
  author={Aaronson, Scott and Kuperberg, Greg},
  booktitle={Twenty-Second Annual IEEE Conference on Computational Complexity (CCC'07)},
  pages={115--128},
  year={2007},
  organization={IEEE}
}

@article{aaronson2009need,
  title={The need for structure in quantum speedups},
  author={Aaronson, Scott and Ambainis, Andris},
  journal={arXiv preprint arXiv:0911.0996},
  year={2009}
}

@inproceedings{aaronson2010bqp,
  title={BQP and the polynomial hierarchy},
  author={Aaronson, Scott},
  booktitle={Proceedings of the forty-second ACM symposium on Theory of computing},
  pages={141--150},
  year={2010},
  organization={ACM}
}

@book{arora2009computational,
 author = {Arora, Sanjeev and Barak, Boaz},
 title = {Computational Complexity: A Modern Approach},
 year = {2009},
 isbn = {0521424267, 9780521424264},
 edition = {1st},
 publisher = {Cambridge University Press},
 address = {New York, NY, USA},
}

@article{aydinlioglu2018affine,
  author = {Aydinlio\u{g}lu, Bari\c{s} and Bach, Eric},
  title = {Affine Relativization: Unifying the Algebrization and Relativization Barriers},
  journal = {ACM Trans. Comput. Theory},
  issue_date = {January 2018},
  volume = {10},
  number = {1},
  month = jan,
  year = {2018},
  issn = {1942-3454},
  pages = {1:1--1:67},
  articleno = {1},
  numpages = {67},
  url = {http://doi.acm.org/10.1145/3170704},
  doi = {10.1145/3170704},
  acmid = {3170704},
  publisher = {ACM},
  address = {New York, NY, USA},
  keywords = {Algebrization, barriers, coding theory, interactive Proofs, relativization},
}

@inproceedings{babai1985trading,
  title={Trading group theory for randomness},
  author={Babai, L{\'a}szl{\'o}},
  booktitle={Proceedings of the seventeenth annual ACM symposium on Theory of computing},
  pages={421--429},
  year={1985},
  organization={ACM}
}

@article{babai1988arthur,
  title={Arthur-{M}erlin games: a randomized proof system, and a hierarchy of complexity classes},
  author={Babai, L{\'a}szl{\'o} and Moran, Shlomo},
  journal={Journal of Computer and System Sciences},
  volume={36},
  number={2},
  pages={254--276},
  year={1988},
  publisher={Academic Press}
}

@article{babai1991non,
  title={Non-deterministic exponential time has two-prover interactive protocols},
  author={Babai, L{\'a}szl{\'o} and Fortnow, Lance and Lund, Carsten},
  journal={Computational complexity},
  volume={1},
  number={1},
  pages={3--40},
  year={1991},
  publisher={Springer}
}

@inproceedings{Beigel:1998:NME:276698.276737,
 author = {Beigel, Richard and Buhrman, Harry and Fortnow, Lance},
 title = {{NP} Might Not Be As Easy As Detecting Unique Solutions},
 booktitle = {Proceedings of the Thirtieth Annual ACM Symposium on Theory of Computing},
 series = {STOC '98},
 year = {1998},
 isbn = {0-89791-962-9},
 location = {Dallas, Texas, USA},
 pages = {203--208},
 numpages = {6},
 url = {http://doi.acm.org/10.1145/276698.276737},
 doi = {10.1145/276698.276737},
 acmid = {276737},
 publisher = {ACM},
 address = {New York, NY, USA},
} 

@article{bennett1981relative,
  title={Relative to a Random Oracle $A$, $P^A\neq NP^A\neq \text{co}-NP^A$ with Probability 1},
  author={Bennett, Charles H and Gill, John},
  journal={SIAM Journal on Computing},
  volume={10},
  number={1},
  pages={96--113},
  year={1981},
  publisher={SIAM}
}

@article{beigel1994perceptrons,
  title={Perceptrons, {$PP$}, and the polynomial hierarchy},
  author={Beigel, Richard},
  journal={Computational complexity},
  volume={4},
  number={4},
  pages={339--349},
  year={1994},
  publisher={Springer}
}

@article{bennett1997strengths,
  title={Strengths and weaknesses of quantum computing},
  author={Bennett, Charles H and Bernstein, Ethan and Brassard, Gilles and Vazirani, Umesh},
  journal={SIAM journal on Computing},
  volume={26},
  number={5},
  pages={1510--1523},
  year={1997},
  publisher={SIAM}
}

@inproceedings{bouland2017power,
  title={On the power of statistical zero knowledge},
  author={Bouland, Adam and Chen, Lijie and Holden, Dhiraj and Thaler, Justin and Vasudevan, Prashant Nalini},
  booktitle={2017 IEEE 58th Annual Symposium on Foundations of Computer Science (FOCS)},
  pages={708--719},
  year={2017},
  organization={IEEE}
}

@inproceedings{buhrman1998nonrelativizing,
  title={Nonrelativizing separations},
  author={Buhrman, Harry and Fortnow, Lance and Thierauf, Thomas},
  booktitle={Proceedings. Thirteenth Annual IEEE Conference on Computational Complexity (Formerly: Structure in Complexity Theory Conference)(Cat. No. 98CB36247)},
  pages={8--12},
  year={1998},
  organization={IEEE}
}

@article{buhrman2000randomness,
  title={Randomness is hard},
  author={Buhrman, Harry and Torenvliet, Leen},
  journal={SIAM Journal on Computing},
  volume={30},
  number={5},
  pages={1485--1501},
  year={2000},
  publisher={SIAM}
}

@inproceedings{Cai:1986:POR:12130.12133,
 author = {Cai, J Y},
 title = {With Probability One, a Random Oracle Separates {$PSPACE$} from the Polynomial-time Hierarchy},
 booktitle = {Proceedings of the Eighteenth Annual ACM Symposium on Theory of Computing},
 series = {STOC '86},
 year = {1986},
 isbn = {0-89791-193-8},
 location = {Berkeley, California, USA},
 pages = {21--29},
 numpages = {9},
 url = {http://doi.acm.org/10.1145/12130.12133},
 doi = {10.1145/12130.12133},
 acmid = {12133},
 publisher = {ACM},
 address = {New York, NY, USA},
}

@inproceedings{childs2003exponential,
  title={Exponential algorithmic speedup by a quantum walk},
  author={Childs, Andrew M and Cleve, Richard and Deotto, Enrico and Farhi, Edward and Gutmann, Sam and Spielman, Daniel A},
  booktitle={Proceedings of the thirty-fifth annual ACM symposium on Theory of computing},
  pages={59--68},
  year={2003},
  organization={ACM}
}

@article{fenner1994gap,
  title={Gap-definable counting classes},
  author={Fenner, Stephen A and Fortnow, Lance J and Kurtz, Stuart A},
  journal={Journal of Computer and System Sciences},
  volume={48},
  number={1},
  pages={116--148},
  year={1994},
  publisher={Elsevier}
}

@article{fenner2003oracle,
  title={An oracle builder's toolkit},
  author={Fenner, Stephen and Fortnow, Lance and Kurtz, Stuart A and Li, Lide},
  journal={Information and Computation},
  volume={182},
  number={2},
  pages={95--136},
  year={2003},
  publisher={Elsevier}
}

@inproceedings{fortnow1998complexity,
  title={Complexity limitations on quantum computation},
  author={Fortnow, Lance and Rogers, John},
  booktitle={Computational Complexity, 1998. Proceedings. Thirteenth Annual IEEE Conference on},
  pages={202--209},
  year={1998},
  organization={IEEE}
}

@article{fortnow1999relativized,
  title={Relativized worlds with an infinite hierarchy},
  author={Fortnow, Lance},
  journal={Information Processing Letters},
  volume={69},
  number={6},
  pages={309--313},
  year={1999},
  publisher={Elsevier}
}

@article{green1995power,
  title={The power of the middle bit of a {$\#P$} function},
  author={Green, Frederic and Kobler, Johannes and Regan, Kenneth W and Schwentick, Thomas and Tor{\'a}n, Jacobo},
  journal={Journal of Computer and System Sciences},
  volume={50},
  number={3},
  pages={456--467},
  year={1995},
  publisher={Elsevier}
}

@Article{Heller1984,
author="Heller, Hans",
title="Relativized polynomial hierarchies extending two levels",
journal="Mathematical systems theory",
year="1984",
month="Dec",
day="01",
volume="17",
number="1",
pages="71--84",
issn="1433-0490",
doi="10.1007/BF01744434",
url="https://doi.org/10.1007/BF01744434"
}

@article{lautemann1983bpp,
  title={{$BPP$} and the polynomial hierarchy},
  author={Lautemann, Clemens},
  journal={Information Processing Letters},
  volume={17},
  number={4},
  pages={215--217},
  year={1983},
  publisher={Elsevier}
}

@article{raz2018oracle,
  title={Oracle Separation of {$BQP$} and {$PH$}},
  author={Raz, Ran and Tal, Avishay},
  journal={Electronic Colloquium on Computational Complexity, Report No. 107},
  year={2018}
}

@inproceedings{rossman2015average,
  title={An average-case depth hierarchy theorem for boolean circuits},
  author={Rossman, Benjamin and Servedio, Rocco A and Tan, Li-Yang},
  booktitle={Foundations of Computer Science (FOCS), 2015 IEEE 56th Annual Symposium on},
  pages={1030--1048},
  year={2015},
  organization={IEEE}
}

@article{russell1998symmetric,
  title={Symmetric alternation captures {$BPP$}},
  author={Russell, Alexander and Sundaram, Ravi},
  journal={Computational Complexity},
  volume={7},
  number={2},
  pages={152--162},
  year={1998},
  publisher={Springer}
}

@article{shamir1992ip,
  title={{$IP=PSPACE$}},
  author={Shamir, Adi},
  journal={Journal of the ACM (JACM)},
  volume={39},
  number={4},
  pages={869--877},
  year={1992},
  publisher={ACM}
}

@inproceedings{vereschchagin1992power,
  title={On the power of {$PP$}},
  author={Vereschchagin, NK},
  booktitle={1992 Seventh Annual Structure in Complexity Theory Conference},
  pages={138--143},
  year={1992},
  organization={IEEE}
}

@inproceedings{vyalyi2003qma,
  title={{$QMA=PP$} implies that {$PP$} contains {$PH$}},
  author={Vyalyi, Mikhail},
  booktitle={ECCCTR: Electronic Colloquium on Computational Complexity, technical reports},
  year={2003},
  organization={Citeseer}
}

@inproceedings{watrous2000succinct,
  title={Succinct quantum proofs for properties of finite groups},
  author={Watrous, John},
  booktitle={Foundations of Computer Science, 2000. Proceedings. 41st Annual Symposium on},
  pages={537--546},
  year={2000},
  organization={IEEE}
}
